%VAE

@article{diggleImplicitPrescribed,
  title={Monte Carlo methods of inference for implicit statistical models},
  author={Diggle, Peter J and Gratton, Richard J},
  journal={Journal of the Royal Statistical Society Series B: Statistical Methodology},
  volume={46},
  number={2},
  pages={193--212},
  year={1984},
  publisher={Oxford University Press}
}

@misc{kingmaVAE,
      title={Auto-Encoding Variational Bayes}, 
      author={Diederik P Kingma and Max Welling},
      year={2022},
      eprint={1312.6114},
      archivePrefix={arXiv},
      primaryClass={stat.ML}
}

@misc{rezendeVAE,
      title={Stochastic Backpropagation and Approximate Inference in Deep Generative Models}, 
      author={Danilo Jimenez Rezende and Shakir Mohamed and Daan Wierstra},
      year={2014},
      eprint={1401.4082},
      archivePrefix={arXiv},
      primaryClass={stat.ML}
}

@misc{zhaoVAE,
      title={InfoVAE: Information Maximizing Variational Autoencoders}, 
      author={Shengjia Zhao and Jiaming Song and Stefano Ermon},
      year={2018},
      eprint={1706.02262},
      archivePrefix={arXiv},
      primaryClass={cs.LG}
}

@inproceedings{higginsVAE,
    title={beta-{VAE}: Learning Basic Visual Concepts with a Constrained Variational Framework},
    author={Irina Higgins and Loic Matthey and Arka Pal and Christopher Burgess and Xavier Glorot and Matthew Botvinick and Shakir Mohamed and Alexander Lerchner},
    booktitle={International Conference on Learning Representations},
    year={2017},
    url={https://openreview.net/forum?id=Sy2fzU9gl}
}

@article{hintonCode,
  title={Reducing the dimensionality of data with neural networks},
  author={Hinton, Geoffrey E and Salakhutdinov, Ruslan R},
  journal={science},
  volume={313},
  number={5786},
  pages={504--507},
  year={2006},
  publisher={American Association for the Advancement of Science}
}

@Book{GoodfellowDeepLearning,
  Title                    = {Deep Learning},
  Author                   = {Ian J. Goodfellow and Yoshua Bengio and Aaron Courville},
  Publisher                = {MIT Press},
  Year                     = {2016},
  Address                  = {Cambridge, MA, USA},
  Note                     = {\url{http://www.deeplearningbook.org}}
}

@article{doerschVAE,
  title={Tutorial on variational autoencoders},
  author={Doersch, Carl},
  journal={arXiv preprint arXiv:1606.05908},
  year={2016}
}

@misc{michelucci2022introduction,
      title={An Introduction to Autoencoders}, 
      author={Umberto Michelucci},
      year={2022},
      eprint={2201.03898},
      archivePrefix={arXiv},
      primaryClass={cs.LG}
}

%GAN
@article{goodfellowGAN,
	title={Generative adversarial networks},
	author={Goodfellow, Ian and Pouget-Abadie, Jean and Mirza, Mehdi and Xu, Bing and Warde-Farley, David and Ozair, Sherjil and Courville, Aaron and Bengio, Yoshua},
	journal={Communications of the ACM},
	volume={63},
	number={11},
	pages={139--144},
	year={2020},
	publisher={ACM New York, NY, USA}
}

@article{brophyGAN,
  title={Generative adversarial networks in time series: A systematic literature review},
  author={Brophy, Eoin and Wang, Zhengwei and She, Qi and Ward, Tom{\'a}s},
  journal={ACM Computing Surveys},
  volume={55},
  number={10},
  pages={1--31},
  year={2023},
  publisher={ACM New York, NY}
}

@inproceedings{salimansNIPS,
 author = {Salimans, Tim and Goodfellow, Ian and Zaremba, Wojciech and Cheung, Vicki and Radford, Alec and Chen, Xi and Chen, Xi},
 booktitle = {Advances in Neural Information Processing Systems},
 editor = {D. Lee and M. Sugiyama and U. Luxburg and I. Guyon and R. Garnett},
 pages = {},
 publisher = {Curran Associates, Inc.},
 title = {Improved Techniques for Training GANs},
 url = {https://proceedings.neurips.cc/paper_files/paper/2016/file/8a3363abe792db2d8761d6403605aeb7-Paper.pdf},
 volume = {29},
 year = {2016}
}


% Diffusion Models
@article{yangdiffusionSummary,
	title={Diffusion models: A comprehensive survey of methods and applications},
	author={Yang, Ling and Zhang, Zhilong and Song, Yang and Hong, Shenda and Xu, Runsheng and Zhao, Yue and Shao, Yingxia and Zhang, Wentao and Cui, Bin and Yang, Ming-Hsuan},
	journal={arXiv preprint arXiv:2209.00796},
	year={2022}
}

    % DDPM
@article{hoDDPMs,
  title={Denoising Diffusion Probabilistic Models},
  author={Jonathan Ho and Ajay Jain and P. Abbeel},
  journal={ArXiv},
  year={2020},
  volume={abs/2006.11239}
}

@inproceedings{sohlDDPM,
  title={Deep unsupervised learning using nonequilibrium thermodynamics},
  author={Sohl-Dickstein, Jascha and Weiss, Eric and Maheswaranathan, Niru and Ganguli, Surya},
  booktitle={International conference on machine learning},
  pages={2256--2265},
  year={2015},
  organization={PMLR}
}

    % SGMs
@InProceedings{steinScore,
  title = 	 {A Kernelized Stein Discrepancy for Goodness-of-fit Tests},
  author = 	 {Liu, Qiang and Lee, Jason and Jordan, Michael},
  booktitle = 	 {Proceedings of The 33rd International Conference on Machine Learning},
  pages = 	 {276--284},
  year = 	 {2016},
  editor = 	 {Balcan, Maria Florina and Weinberger, Kilian Q.},
  volume = 	 {48},
  series = 	 {Proceedings of Machine Learning Research},
  address = 	 {New York, New York, USA},
  month = 	 {20--22 Jun},
  publisher =    {PMLR},
  pdf = 	 {http://proceedings.mlr.press/v48/liub16.pdf},
  url = 	 {https://proceedings.mlr.press/v48/liub16.html},
  abstract = 	 {We derive a new discrepancy statistic for measuring differences between two probability distributions based on combining Steinâ€™s identity and the reproducing kernel Hilbert space theory. We apply our result to test how well a probabilistic model fits a set of observations, and derive a new class of powerful goodness-of-fit tests that are widely applicable for complex and high dimensional distributions, even for those with computationally intractable normalization constants. Both theoretical and empirical properties of our methods are studied thoroughly.}
}

@article{song2019SGM,
  title={Generative modeling by estimating gradients of the data distribution},
  author={Song, Yang and Ermon, Stefano},
  journal={Advances in neural information processing systems},
  volume={32},
  year={2019}
}

@article{hyvarinenScoreMatching,
  title={Estimation of non-normalized statistical models by score matching.},
  author={Hyv{\"a}rinen, Aapo and Dayan, Peter},
  journal={Journal of Machine Learning Research},
  volume={6},
  number={4},
  year={2005}
}

@misc{song2020improved,
      title={Improved Techniques for Training Score-Based Generative Models}, 
      author={Yang Song and Stefano Ermon},
      year={2020},
      eprint={2006.09011},
      archivePrefix={arXiv},
      primaryClass={cs.LG}
}

@article{robertsLangevin,
  title={Exponential convergence of Langevin distributions and their discrete approximations},
  author={Roberts, Gareth O and Tweedie, Richard L},
  journal={Bernoulli},
  pages={341--363},
  year={1996},
  publisher={JSTOR}
}


    % SDEs
@article{song2020score,
  title={Score-based generative modeling through stochastic differential equations},
  author={Song, Yang and Sohl-Dickstein, Jascha and Kingma, Diederik P and Kumar, Abhishek and Ermon, Stefano and Poole, Ben},
  journal={arXiv preprint arXiv:2011.13456},
  year={2020}
}

@article{song2021maximum,
  title={Maximum likelihood training of score-based diffusion models},
  author={Song, Yang and Durkan, Conor and Murray, Iain and Ermon, Stefano},
  journal={Advances in Neural Information Processing Systems},
  volume={34},
  pages={1415--1428},
  year={2021}
}



% CLIP
@misc{radfordCLIP,
      title={Learning Transferable Visual Models From Natural Language Supervision}, 
      author={Alec Radford and Jong Wook Kim and Chris Hallacy and Aditya Ramesh and Gabriel Goh and Sandhini Agarwal and Girish Sastry and Amanda Askell and Pamela Mishkin and Jack Clark and Gretchen Krueger and Ilya Sutskever},
      year={2021},
      eprint={2103.00020},
      archivePrefix={arXiv},
      primaryClass={cs.CV}
}

@InProceedings{heResnet,
author = {He, Kaiming and Zhang, Xiangyu and Ren, Shaoqing and Sun, Jian},
title = {Deep Residual Learning for Image Recognition},
booktitle = {Proceedings of the IEEE Conference on Computer Vision and Pattern Recognition (CVPR)},
month = {June},
year = {2016}
} 

@misc{dosovitskiyViT,
      title={An Image is Worth 16x16 Words: Transformers for Image Recognition at Scale}, 
      author={Alexey Dosovitskiy and Lucas Beyer and Alexander Kolesnikov and Dirk Weissenborn and Xiaohua Zhai and Thomas Unterthiner and Mostafa Dehghani and Matthias Minderer and Georg Heigold and Sylvain Gelly and Jakob Uszkoreit and Neil Houlsby},
      year={2021},
      eprint={2010.11929},
      archivePrefix={arXiv},
      primaryClass={cs.CV}
}

@misc{vaswani2023attention,
      title={Attention Is All You Need}, 
      author={Ashish Vaswani and Noam Shazeer and Niki Parmar and Jakob Uszkoreit and Llion Jones and Aidan N. Gomez and Lukasz Kaiser and Illia Polosukhin},
      year={2023},
      eprint={1706.03762},
      archivePrefix={arXiv},
      primaryClass={cs.CL}
}

% NERF
\cite{mildenhall2020nerf, tancik2023nerfstudio} 
@inproceedings{mildenhallNERF,
 title={NeRF: Representing Scenes as Neural Radiance Fields for View Synthesis},
 author={Ben Mildenhall and Pratul P. Srinivasan and Matthew Tancik and Jonathan T. Barron and Ravi Ramamoorthi and Ren Ng},
 year={2020},
 booktitle={ECCV},
}

@misc{tancikNerfstudio,
	title={Nerfstudio: A Modular Framework for Neural Radiance Field Development}, 
	author={Matthew Tancik and Ethan Weber and Evonne Ng and Ruilong Li and Brent Yi and Justin Kerr and Terrance Wang and Alexander Kristoffersen and Jake Austin and Kamyar Salahi and Abhik Ahuja and David McAllister and Angjoo Kanazawa},
	year={2023},
	eprint={2302.04264},
	archivePrefix={arXiv},
	primaryClass={cs.CV}
}

@misc{hu2023consistentnerf,
      title={ConsistentNeRF: Enhancing Neural Radiance Fields with 3D Consistency for Sparse View Synthesis}, 
      author={Shoukang Hu and Kaichen Zhou and Kaiyu Li and Longhui Yu and Lanqing Hong and Tianyang Hu and Zhenguo Li and Gim Hee Lee and Ziwei Liu},
      year={2023},
      eprint={2305.11031},
      archivePrefix={arXiv},
      primaryClass={cs.CV}
}

@misc{wei2021nerfingmvs,
      title={NerfingMVS: Guided Optimization of Neural Radiance Fields for Indoor Multi-view Stereo}, 
      author={Yi Wei and Shaohui Liu and Yongming Rao and Wang Zhao and Jiwen Lu and Jie Zhou},
      year={2021},
      eprint={2109.01129},
      archivePrefix={arXiv},
      primaryClass={cs.CV}
}

@misc{gerats2023dynamic,
      title={Dynamic Depth-Supervised NeRF for Multi-View RGB-D Operating Room Images}, 
      author={Beerend G. A. Gerats and Jelmer M. Wolterink and Ivo A. M. J. Broeders},
      year={2023},
      eprint={2211.12436},
      archivePrefix={arXiv},
      primaryClass={cs.CV}
}

@misc{yariv2020multiview,
      title={Multiview Neural Surface Reconstruction by Disentangling Geometry and Appearance}, 
      author={Lior Yariv and Yoni Kasten and Dror Moran and Meirav Galun and Matan Atzmon and Ronen Basri and Yaron Lipman},
      year={2020},
      eprint={2003.09852},
      archivePrefix={arXiv},
      primaryClass={cs.CV}
}

@misc{arandjeloviÄ‡2021nerf,
      title={NeRF in detail: Learning to sample for view synthesis}, 
      author={Relja ArandjeloviÄ‡ and Andrew Zisserman},
      year={2021},
      eprint={2106.05264},
      archivePrefix={arXiv},
      primaryClass={cs.CV}
}

@misc{rabby2023beyondpixels,
      title={BeyondPixels: A Comprehensive Review of the Evolution of Neural Radiance Fields}, 
      author={AKM Shahariar Azad Rabby and Chengcui Zhang},
      year={2023},
      eprint={2306.03000},
      archivePrefix={arXiv},
      primaryClass={cs.CV}
}

% dreamfields
@InProceedings{jainDreamFields,
    author    = {Jain, Ajay and Mildenhall, Ben and Barron, Jonathan T. and Abbeel, Pieter and Poole, Ben},
    title     = {Zero-Shot Text-Guided Object Generation With Dream Fields},
    booktitle = {Proceedings of the IEEE/CVF Conference on Computer Vision and Pattern Recognition (CVPR)},
    month     = {June},
    year      = {2022},
    pages     = {867-876}
}


% dreamfusion
@article{pooleDreamfusion,
	title={Dreamfusion: Text-to-3d using 2d diffusion},
	author={Poole, Ben and Jain, Ajay and Barron, Jonathan T and Mildenhall, Ben},
	journal={arXiv preprint arXiv:2209.14988},
	year={2022}
}

@misc{stable-dreamfusion,
    Author = {Jiaxiang Tang},
    Year = {2022},
    Note = {https://github.com/ashawkey/stable-dreamfusion},
    Title = {Stable-dreamfusion: Text-to-3D with Stable-diffusion}
}

@misc{rombachStableDiffusion,
      title={High-Resolution Image Synthesis with Latent Diffusion Models}, 
      author={Robin Rombach and Andreas Blattmann and Dominik Lorenz and Patrick Esser and BjÃ¶rn Ommer},
      year={2021},
      eprint={2112.10752},
      archivePrefix={arXiv},
      primaryClass={cs.CV}
}



% point-E
@article{nicholGLIDE,
  title={Glide: Towards photorealistic image generation and editing with text-guided diffusion models},
  author={Nichol, Alex and Dhariwal, Prafulla and Ramesh, Aditya and Shyam, Pranav and Mishkin, Pamela and McGrew, Bob and Sutskever, Ilya and Chen, Mark},
  journal={arXiv preprint arXiv:2112.10741},
  year={2021}
}

@article{nicholPointE,
	title={Point-E: A System for Generating 3D Point Clouds from Complex Prompts},
	author={Nichol, Alex and Jun, Heewoo and Dhariwal, Prafulla and Mishkin, Pamela and Chen, Mark},
	journal={arXiv preprint arXiv:2212.08751},
	year={2022}
}

% Shap-E
@misc{junShapeE,
      title={Shap-E: Generating Conditional 3D Implicit Functions}, 
      author={Heewoo Jun and Alex Nichol},
      year={2023},
      eprint={2305.02463},
      archivePrefix={arXiv},
      primaryClass={cs.CV}
}



@InProceedings{pmlr-v139-radford21a,
  title = 	 {Learning Transferable Visual Models From Natural Language Supervision},
  author =       {Radford, Alec and Kim, Jong Wook and Hallacy, Chris and Ramesh, Aditya and Goh, Gabriel and Agarwal, Sandhini and Sastry, Girish and Askell, Amanda and Mishkin, Pamela and Clark, Jack and Krueger, Gretchen and Sutskever, Ilya},
  booktitle = 	 {Proceedings of the 38th International Conference on Machine Learning},
  pages = 	 {8748--8763},
  year = 	 {2021},
  editor = 	 {Meila, Marina and Zhang, Tong},
  volume = 	 {139},
  series = 	 {Proceedings of Machine Learning Research},
  month = 	 {18--24 Jul},
  publisher =    {PMLR},
  pdf = 	 {http://proceedings.mlr.press/v139/radford21a/radford21a.pdf},
  url = 	 {https://proceedings.mlr.press/v139/radford21a.html},
}


@article{susheelkumar2011generating,
	title={Generating 3D model using 2D images of an object},
	author={SusheelKumar, K and Semwal, Vijay Bhaskar and Prasad, Shitala and Tripathi, RC},
	journal={International Journal of Engineering Science and Technology (IJEST)},
	volume={3},
	number={1},
	pages={406--415},
	year={2011}
}
@article{yariv2023bakedsdf,
	title={BakedSDF: Meshing Neural SDFs for Real-Time View Synthesis},
	author={Yariv, Lior and Hedman, Peter and Reiser, Christian and Verbin, Dor and Srinivasan, Pratul P and Szeliski, Richard and Barron, Jonathan T and Mildenhall, Ben},
	journal={arXiv preprint arXiv:2302.14859},
	year={2023}
}


@article{lin2022magic3d,
	title={Magic3D: High-Resolution Text-to-3D Content Creation},
	author={Lin, Chen-Hsuan and Gao, Jun and Tang, Luming and Takikawa, Towaki and Zeng, Xiaohui and Huang, Xun and Kreis, Karsten and Fidler, Sanja and Liu, Ming-Yu and Lin, Tsung-Yi},
	journal={arXiv preprint arXiv:2211.10440},
	year={2022}
}

@article{xu2022dream3d,
	title={Dream3D: Zero-Shot Text-to-3D Synthesis Using 3D Shape Prior and Text-to-Image Diffusion Models},
	author={Xu, Jiale and Wang, Xintao and Cheng, Weihao and Cao, Yan-Pei and Shan, Ying and Qie, Xiaohu and Gao, Shenghua},
	journal={arXiv preprint arXiv:2212.14704},
	year={2022}
}

@misc{gao2022get3d,
	title={GET3D: A Generative Model of High Quality 3D Textured Shapes Learned from Images}, 
	author={Jun Gao and Tianchang Shen and Zian Wang and Wenzheng Chen and Kangxue Yin and Daiqing Li and Or Litany and Zan Gojcic and Sanja Fidler},
	year={2022},
	eprint={2209.11163},
	archivePrefix={arXiv},
	primaryClass={cs.CV}
}


@misc{raj2023dreambooth3d,
      title={DreamBooth3D: Subject-Driven Text-to-3D Generation}, 
      author={Amit Raj and Srinivas Kaza and Ben Poole and Michael Niemeyer and Nataniel Ruiz and Ben Mildenhall and Shiran Zada and Kfir Aberman and Michael Rubinstein and Jonathan Barron and Yuanzhen Li and Varun Jampani},
      year={2023},
      eprint={2303.13508},
      archivePrefix={arXiv},
      primaryClass={cs.CV}
}




